%%% Matemáticas

@book{Huffman_Pless_2010,
	AUTHOR      = {W. Cary Huffman and Vera Pless},
	isbn        = {978-0-521-13170-4},
	TITLE       = {Fundamentals of Error-Correcting Codes},
	url         = {http://www.cambridge.org/9780521782807},
	year        = {2010},
	urldate     = {2022-04-25},
	publisher   = {Cambridge University Press},
 
} 

@book{betten2006error,
  title={Error-Correcting Linear Codes: Classification by Isometry and Applications},
  author={Betten, Anton and Braun, Michael and Fripertinger, Harald and Kerber, Adalbert and Kohnert, Axel and Wassermann, Alfred},
  year={2006},
  publisher={Springer Berlin Heidelberg New York}
}

@book{prange1957cyclic,
  title={Cyclic Error-correcting Codes in Two Symbols},
  author={Prange, E.},
  series={AFCRC-TN},
  url={https://books.google.es/books?id=PnpKHAAACAAJ},
  year={1957},
  publisher={Air Force Cambridge Research Center}
}

@book{knapp2006basic,
  title={Basic Algebra},
  author={Knapp, A.W.},
  isbn={9780817632489},
  lccn={2006932456},
  series={Cornerstones},
  url={https://books.google.es/books?id=KVeXG163BggC},
  year={2006},
  publisher={Birkh{\"a}user Boston}
}

@article{sugiyama1975method,
  title={A method for solving a key equation for decoding Goppa codes},
  author={Sugiyama, Y. and Kasahara, M. and Hirasawa, S. and Namekawa, T.},
  journal={Information and Control},
  volume={27},
  year={1975},
}

@book{jacobson1996,
  author = {Jacobson, Nathan and Cohn, Paul Moritz},
  title = {Finite-dimensional division algebras over fields},
  year = {1996},
  publisher = {Springer-Verlag},
  address = {Berlin Heidelberg},
  edition = {2nd corrected printing},
  isbn = {978-3-540-57029-5},
  doi = {10.1007/978-3-642-02429-0}
}

@article{ore1933,
  author = {Ore, Øystein},
  title = {Theory of Non-Commutative Polynomials},
  journal = {Annals of Mathematics},
  volume = {34},
  number = {3},
  pages = {480--508},
  year = {1933},
  doi = {10.2307/1968173},
  url = {https://doi.org/10.2307/1968173}
}

@misc{gluesingluerssen2019skewpolynomial,
      title={Skew-Polynomial Rings and Skew-Cyclic Codes}, 
      author={Heide Gluesing-Luerssen},
      year={2019},
      eprint={1902.03516},
      archivePrefix={arXiv},
      primaryClass={cs.IT}
}
@article{Elias1955,
  author  = {P. Elias},
  title   = {Coding for noisy channels},
  journal = {IRE Convention Records},
  volume  = {3},
  number  = {4},
  pages   = {37--46},
  year    = {1955}
}

@inproceedings{Wozencraft1957SequentialDF,
  title={Sequential decoding for reliable communication},
  author={John M. Wozencraft},
  year={1957},
  url={https://api.semanticscholar.org/CorpusID:14879562}
}

@ARTICLE{Fano1963,
  author={Fano, R.},
  journal={IEEE Transactions on Information Theory}, 
  title={A heuristic discussion of probabilistic decoding}, 
  year={1963},
  volume={9},
  number={2},
  pages={64-74},
  keywords={Decoding;Communication channels;Testing;Laboratories;Error correction codes},
  doi={10.1109/TIT.1963.1057827}}
  
@ARTICLE{Viterbi1967,
  author={Viterbi, A.},
  journal={IEEE Transactions on Information Theory}, 
  title={Error bounds for convolutional codes and an asymptotically optimum decoding algorithm}, 
  year={1967},
  volume={13},
  number={2},
  pages={260-269},
  keywords={},
  doi={10.1109/TIT.1967.1054010}}
  
  @ARTICLE{Forney1970,
  author={Forney, G.},
  journal={IEEE Transactions on Information Theory}, 
  title={Convolutional codes I: Algebraic structure}, 
  year={1970},
  volume={16},
  number={6},
  pages={720-738},
  keywords={},
  doi={10.1109/TIT.1970.1054541}}


@book{Johannesson2015,
author = {Johannesson, R. and Zigangirov, K.S.},
year = {2015},
month = {07},
pages = {1-667},
title = {Fundamentals of Convolutional Coding: Second Edition},
isbn = {9780470276839},
journal = {Fundamentals of Convolutional Coding: Second Edition},
doi = {10.1002/9781119098799}
}

@incollection{mceliece1998,
  author       = {R. J. McEliece},
  title        = {The algebraic theory of convolutional codes},
  booktitle    = {Handbook of Coding Theory},
  publisher    = {Elsevier},
  year         = 1998,
  editor       = {V. S. Pless and W. C. Huffman},
  pages        = {1065--1138},
  address      = {Amsterdam}
}


@book{wisbauer1991foundations,
author = {Wisbauer, Robert},
year = {2018},
month = {05},
pages = {},
title = {Foundations of Module and Ring Theory: A Handbook for Study and Research},
isbn = {9780203755532},
doi = {10.1201/9780203755532}
}

@article{cccheide,
author = {Gluesing-Luerssen, Heide and Schmale, Wiland},
year = {2004},
month = {06},
pages = {183-237},
title = {On Cyclic Convolutional Codes},
volume = {82},
journal = {Acta Applicandae Mathematicae},
doi = {10.1023/B:ACAP.0000027534.61242.09}
}

@article{gomez2017sugiyama,
  title={A Sugiyama-like decoding algorithm for convolutional codes},
  author={G{\'o}mez-Torrecillas, Jos{\'e} and Lobillo, Francisco Javier and Navarro, Gabriel},
  journal={IEEE Transactions on Information Theory},
  volume={63},
  number={10},
  pages={6216--6226},
  year={2017},
  publisher={IEEE}
}

@article{jl2020,
  author       = {Julia Lieb and
                  Raquel Pinto and
                  Joachim Rosenthal},
  title        = {Convolutional Codes},
  journal      = {CoRR},
  volume       = {abs/2001.08281},
  year         = {2020},
  url          = {https://arxiv.org/abs/2001.08281},
  eprinttype    = {arXiv},
  eprint       = {2001.08281},
  timestamp    = {Fri, 24 Jan 2020 15:00:57 +0100},
  biburl       = {https://dblp.org/rec/journals/corr/abs-2001-08281.bib},
  bibsource    = {dblp computer science bibliography, https://dblp.org}
}

@misc{SageMath2022,
    author = {{The Sage Developers}},
    title = {{SageMath, The Sage Mathematics Software System (Version 9.5)}},
    year = {2022},
    note = {Release Date: 2022-01-30, [Online; accessed 2024-03-08]},
    url = {http://www.sagemath.org}
}

@article{Rosenthal1999,
  author    = {Joachim Rosenthal and Roxana Smarandache},
  title     = {Maximum Distance Separable Convolutional Codes},
  journal   = {Applicable Algebra in Engineering, Communication and Computing},
  year      = {1999},
  volume    = {10},
  number    = {1},
  pages     = {15--32},
  doi       = {10.1007/s002000050120},
  url       = {https://doi.org/10.1007/s002000050120}
}


@article{Norm,
title = {Vandermonde and Wronskian matrices over division rings},
journal = {Journal of Algebra},
volume = {119},
number = {2},
pages = {308-336},
year = {1988},
issn = {0021-8693},
doi = {https://doi.org/10.1016/0021-8693(88)90063-4},
url = {https://www.sciencedirect.com/science/article/pii/0021869388900634},
author = {T.Y Lam and A Leroy}
}

@ARTICLE{Piret,
  author={Piret, P.},
  journal={IEEE Transactions on Information Theory}, 
  title={Structure and constructions of cyclic convolutional codes}, 
  year={1976},
  volume={22},
  number={2},
  pages={147-155},
  keywords={},
  doi={10.1109/TIT.1976.1055531}}

  @ARTICLE{Roos,
  author={Roos, C.},
  journal={IEEE Transactions on Information Theory}, 
  title={On the structure of convolutional and cyclic convolutional codes}, 
  year={1979},
  volume={25},
  number={6},
  pages={676-683},
  keywords={},
  doi={10.1109/TIT.1979.1056108}}

  @article{GL2004,
  title = {On Cyclic Convolutional Codes},
  author = {Gluesing-Luerssen, Heide and Schmale, Wiland},
  journal = {Acta Applicandae Mathematica},
  volume = {82},
  number = {2},
  pages = {183--237},
  year = {2004},
  month = {06},
  doi = {10.1023/B:ACAP.0000027534.61242.09},
  issn = {1572-9036},
}

@ARTICLE{SCCC,
  author={Gómez-Torrecillas, José and Lobillo, F. J. and Navarro, Gabriel},
  journal={IEEE Transactions on Information Theory}, 
  title={A New Perspective of Cyclicity in Convolutional Codes}, 
  year={2016},
  volume={62},
  number={5},
  pages={2702-2706},
  keywords={Convolutional codes;Algebra;Block codes;Generators;Delays;Algorithm design and analysis;Decoding;Convolutional codes;cyclic convolutional codes;rational functions;Ore polynomials;finite fields;Convolutional codes;cyclic convolutional codes;rational functions;Ore polynomials;finite fields},
  doi={10.1109/TIT.2016.2538264}}

@book{van1949modern,
  title={Modern Algebra},
  author={van der Waerden, B.L.},
  number={v. 1},
  url={https://books.google.es/books?id=SDFywAEACAAJ},
  year={1949},
  publisher={Ungar}
}

@book{jacobson1943theory,
  title={The Theory of Rings},
  author={Jacobson, N. and Society, A.M.},
  isbn={9780821815021},
  lccn={43015310},
  series={Mathematical surveys and monographs},
  url={https://books.google.es/books?id=BalwAAAAQBAJ},
  year={1943},
  publisher={American Mathematical Society}
}

@article{modulos,
author = {Leroy, André},
year = {1995},
month = {01},
pages = {},
title = {Pseudolinear transformations and evaluation in Ore extensions},
volume = {2},
journal = {Bulletin of the Belgian Mathematical Society - Simon Stevin},
doi = {10.36045/bbms/1103408724}
}

@article{Chaussade,
author = {Chaussade, Lionel and Loidreau, Pierre and Ulmer, Felix},
year = {2009},
month = {03},
pages = {},
title = {Skew codes of prescribed distance or rank},
volume = {50},
journal = {Designs Codes and Cryptography},
doi = {10.1007/s10623-008-9230-6}
}

@article{boucher2007,
  author    = {D. Boucher and W. Geiselmann and F. Ulmer},
  title     = {Skew-cyclic codes},
  journal   = {Applicable Algebra in Engineering, Communication and Computing},
  volume    = {18},
  number    = {4},
  pages     = {379--389},
  year      = {2007}
}

@article{Gutierrez2006,
  author = {Jaime Gutierrez and David Sevilla},
  title = {Building counterexamples to generalizations for rational functions of Ritt’s decomposition theorem},
  journal = {Journal of Symbolic Computation},
  year = {2006},
  note = {Received 26 April 2005; Available online 13 July 2006. Communicated by Bruno Salvy},
  institution = {Universidad de Cantabria and University of Concordia},
  address = {Santander, Spain and Montreal, Canada}
}

@book{jacobson2012basic,
  title={Basic Algebra I: Second Edition},
  author={Jacobson, N.},
  isbn={9780486135229},
  series={Dover Books on Mathematics},
  url={https://books.google.es/books?id=JHFpv0tKiBAC},
  year={2012},
  publisher={Dover Publications}
}

@article{lam1988vandermonde,
  title={Vandermonde and Wronskian matrices over division rings},
  author={Lam, T. Y. and Leroy, A.},
  journal={Journal of Algebra},
  volume={119},
  pages={308--336},
  year={1988},
  month={Dec}
}

@book{mcconnell2001noncommutative,
  title={Noncommutative Noetherian Rings},
  author={McConnell, J.C. and Robson, J.C. and Small, L.W.},
  isbn={9780821821695},
  lccn={00034990},
  series={Graduate studies in mathematics},
  url={https://books.google.es/books?id=DcTpBwAAQBAJ},
  year={2001},
  publisher={American Mathematical Society}
}

@misc{pytest7.4.0,
  title =        {pytest 7.4.0},
  author = {Krekel, Holger and Oliveira, Bruno and Pfannschmidt, Ronny and Bruynooghe, Floris and Laugher, Brianna and Bruhin, Florian},
  year =         {2004},
  url = {https://github.com/pytest-dev/pytest},
}

@article{artin,
      title={The Wedderburn-Artin Theorem}, 
      author={Matej Brešar},
      year={2024},
      eprint={2405.04588},
      archivePrefix={arXiv},
      primaryClass={math.RA}
}

@ARTICLE{Shanon,
  author={Shannon, C. E.},
  journal={The Bell System Technical Journal}, 
  title={A mathematical theory of communication}, 
  year={1948},
  volume={27},
  number={3},
  pages={379-423},
  keywords={},
  doi={10.1002/j.1538-7305.1948.tb01338.x}}
  
@ARTICLE{Hamming,
  author={Hamming, R. W.},
  journal={The Bell System Technical Journal}, 
  title={Error detecting and error correcting codes}, 
  year={1950},
  volume={29},
  number={2},
  pages={147-160},
  keywords={},
  doi={10.1002/j.1538-7305.1950.tb00463.x}}
  
@misc{Podesta2006,
  author    = {Ricardo A. Podestá},
  title     = {Introducción a la Teoría de Códigos Autocorrectores},
  year      = {2006},
  note      = {Disponible en: \url{https://www.famaf.unc.edu.ar/documents/940/CMat35-3.pdf}},
  abstract  = {En estas notas se presenta una introducción a la teoría de los códigos autocorrectores a través del estudio de una clase particular muy importante de estos: los llamados códigos lineales. Se introducen algunos conceptos y resultados básicos de la teoría y se estudian en mayor detalle algunas familias famosas de tales códigos.},
}

